@online{shodan,
	author = {Shodan},
	%editor = {editor},
	title = {Shodan site},
	%date = {date},
	url = {https://www.shodan.io/}
	}

@online{shodandeveloper,
	author = {Shodan},
	title = {Shodan Developer},
	date = {20/09/2020},
	url = {https://developer.shodan.io},
}
